@article{Harper:2016bm,
author = {Harper, F Maxwell and Konstan, Joseph A},
title = {{The MovieLens Datasets}},
journal = {ACM Transactions on Interactive Intelligent Systems},
year = {2016},
volume = {5},
number = {4},
pages = {1--19},
month = jan
}

@article{Portugal:2015vy,
author = {Portugal, Ivens and Alencar, Paulo and Cowan, Donald},
title = {{The Use of Machine Learning Algorithms in Recommender Systems: A Systematic Review}},
journal = {arXiv.org},
year = {2015},
eprint = {1511.05263v4},
eprinttype = {arxiv},
eprintclass = {cs.SE},
month = nov
}

@article{Zahra:2015ja,
author = {Zahra, Sobia and Ghazanfar, Mustansar Ali and Khalid, Asra and Azam, Muhammad Awais and Naeem, Usman and Prugel-Bennett, Adam},
title = {{Novel centroid selection approaches for KMeans-clustering based recommender systems}},
journal = {Information Sciences},
year = {2015},
volume = {320},
pages = {156--189},
month = nov
}

@article{Shi:2014fj,
author = {Shi, Yue and Larson, Martha and Hanjalic, Alan},
title = {{Collaborative Filtering beyond the User-Item Matrix: A Survey of the State of the Art and Future Challenges}},
journal = {ACM Computing Surveys (CSUR)},
year = {2014},
volume = {47},
number = {1},
pages = {3--45},
month = jul
}

@article{Liu:2014hc,
author = {Liu, Jin-Hu and Zhou, Tao and Zhang, Zi-Ke and Yang, Zimo and Liu, Chuang and Li, Wei-Min},
title = {{Promoting cold-start items in recommender systems}},
journal = {arXiv.org},
year = {2014},
eprint = {1404.4936v1},
eprinttype = {arxiv},
eprintclass = {cs.IR},
number = {12},
pages = {e113457},
month = apr,
annote = {6 pages, 6 figures}
}

@inproceedings{Kularbphettong:2014vm,
  title={A Recommender System using Collaborative Filtering and K-mean based on Android Application},
  author={Kularbphettong, Kunyanuth and Somngam, Sunisa and Tongsiri, Cholticha and Roonrakwit, Pattarapan},
  booktitle={Proceedings of International Conference Applied Mathematics, Computational Science and Engineering},
  pages={161--166},
  year={2014}
}

@book{Schelter:2012jg,
author = {Schelter, Sebastian and Boden, Christoph and Markl, Volker},
title = {{Scalable similarity-based neighborhood methods with MapReduce}},
publisher = {ACM},
year = {2012},
address = {New York, New York, USA},
month = sep
}

@article{Zachariah:2012hh,
author = {Zachariah, Dave and Sundin, Martin and Jansson, Magnus and Chatterjee, Saikat},
title = {{Alternating Least-Squares for Low-Rank Matrix Reconstruction}},
journal = {IEEE Signal Processing Letters},
year = {2012},
volume = {19},
number = {4},
pages = {231--234},
month = apr
}

@incollection{Narang:2011iq,
author = {Narang, Ankur and Srivastava, Abhinav and Katta, Naga Praveen Kumar},
title = {{Distributed Scalable Collaborative Filtering Algorithm}},
booktitle = {Euro-Par 2011 Parallel Processing},
year = {2011},
pages = {353--365},
publisher = {Springer Berlin Heidelberg},
address = {Berlin, Heidelberg},
month = aug
}

@article{Cacheda:2011bh,
author = {Cacheda, Fidel and Carneiro, V{\'\i}ctor and Fern{\'a}ndez, Diego and Formoso, Vreixo},
title = {{Comparison of collaborative filtering algorithms: Limitations of current techniques and proposals for scalable, high-performance recommender systems}},
journal = {ACM Transactions on the Web (TWEB)},
year = {2011},
volume = {5},
number = {1},
pages = {2--33},
month = feb
}

@incollection{Ricci:2011jq,
author = {Ricci, Francesco and Rokach, Lior and Shapira, Bracha},
title = {{Introduction to Recommender Systems Handbook}},
booktitle = {Recommender Systems Handbook},
year = {2011},
pages = {1--35},
publisher = {Springer US},
address = {Boston, MA}
}

@article{Jiang:2011bp,
author = {Jiang, Jing and Lu, Jie and Zhang, Guangquan and Long, Guodong},
title = {{Scaling-Up Item-Based Collaborative Filtering Recommendation Algorithm Based on Hadoop}},
journal = {2011 IEEE World Congress on Services (SERVICES)},
year = {2011},
pages = {490--497}
}

@book{Dakhel:2011dt,
author = {Dakhel, Gilda Moradi and Mahdavi, Mehregan},
title = {{A new collaborative filtering algorithm using K-means clustering and neighbors' voting}},
publisher = {IEEE},
year = {2011}
}

@book{Davidson:2010hg,
author = {Davidson, James and Liebald, Benjamin and Liu, Junning and Nandy, Palash and Van Vleet, Taylor and Gargi, Ullas and Gupta, Sujoy and He, Yu and Lambert, Mike and Livingston, Blake and Sampath, Dasarathi},
title = {{The YouTube video recommendation system}},
publisher = {ACM},
year = {2010},
address = {New York, New York, USA},
month = sep
}

@book{Zhao:2010ha,
author = {Zhao, Zhi-Dan and Shang, Ming-sheng},
title = {{User-Based Collaborative-Filtering Recommendation Algorithms on Hadoop}},
publisher = {IEEE},
year = {2010}
}

@article{Koren:2009jg,
author = {Koren, Yehuda and Bell, Robert and Volinsky, Chris},
title = {{Matrix Factorization Techniques for Recommender Systems}},
journal = {Computer},
year = {2009},
volume = {42},
number = {8},
pages = {30--37},
month = jul
}

@article{Su:2009cl,
author = {Su, Xiaoyuan and Khoshgoftaar, Taghi M},
title = {{A survey of collaborative filtering techniques}},
journal = {Advances in artificial intelligence},
year = {2009},
volume = {2009},
number = {12},
pages = {4--19},
month = jan
}

@inproceedings{Hu:2008el,
author = {Hu, Yifan and Koren, Yehuda and Volinsky, Chris},
title = {{Collaborative Filtering for Implicit Feedback Datasets}},
booktitle = {2008 Eighth IEEE International Conference on Data Mining (ICDM)},
year = {2008},
pages = {263--272},
publisher = {IEEE}
}

@article{hofmann2004latent,
  title={Latent semantic models for collaborative filtering},
  author={Hofmann, Thomas},
  journal={ACM Transactions on Information Systems (TOIS)},
  volume={22},
  number={1},
  pages={89--115},
  year={2004},
  publisher={ACM}
}

@article{Linden:2003kc,
author = {Linden, G and Smith, B and York, J},
title = {{Amazon.com recommendations: item-to-item collaborative filtering}},
journal = {IEEE Internet Computing},
year = {2003},
volume = {7},
number = {1},
pages = {76--80}
}

@article{Burke:2002fy,
author = {Burke, Robin},
title = {{Hybrid Recommender Systems: Survey and Experiments}},
journal = {User modeling and user-adapted interaction},
year = {2002},
volume = {12},
number = {4},
pages = {331--370}
}

@article{zaharia2010spark,
  title={Spark: Cluster Computing with Working Sets.},
  author={Zaharia, Matei and Chowdhury, Mosharaf and Franklin, Michael J and Shenker, Scott and Stoica, Ion},
  journal={HotCloud},
  volume={10},
  pages={10--10},
  year={2010}
}

@article{meng2015mllib,
  title={Mllib: Machine learning in apache spark},
  author={Meng, Xiangrui and Bradley, Joseph and Yavuz, Burak and Sparks, Evan and Venkataraman, Shivaram and Liu, Davies and Freeman, Jeremy and Tsai, DB and Amde, Manish and Owen, Sean and others},
  journal={arXiv preprint arXiv:1505.06807},
  year={2015}
}

@inproceedings{zaharia2012resilient,
  title={Resilient distributed datasets: A fault-tolerant abstraction for in-memory cluster computing},
  author={Zaharia, Matei and Chowdhury, Mosharaf and Das, Tathagata and Dave, Ankur and Ma, Justin and McCauley, Murphy and Franklin, Michael J and Shenker, Scott and Stoica, Ion},
  booktitle={Proceedings of the 9th USENIX conference on Networked Systems Design and Implementation},
  pages={2--2},
  year={2012},
  organization={USENIX Association}
}

@article{resnick1997recommender,
  title={Recommender systems},
  author={Resnick, Paul and Varian, Hal R},
  journal={Communications of the ACM},
  volume={40},
  number={3},
  pages={56--58},
  year={1997},
  publisher={ACM}
}
